@article{multiplexgraph,
	author = {Gaudelet, Thomas and Day, Ben and Jamasb, Arian and Soman, Jyothish and Regep, Cristian and Liu, Gertrude and Hayter, Jeremy and Vickers, Richard and Roberts, Charles and Tang, Jian and Roblin, David and Blundell, Tom and Bronstein, Michael and Taylor-King, Jake},
	year = {2021},
	month = {05},
	pages = {},
	title = {Utilizing graph machine learning within drug discovery and development},
	volume = {22},
	journal = {Briefings in Bioinformatics},
	doi = {10.1093/bib/bbab159}
}

@article{graphsage,
	author    = {William L. Hamilton and
	Rex Ying and
	Jure Leskovec},
	title     = {Inductive Representation Learning on Large Graphs},
	journal   = {CoRR},
	volume    = {abs/1706.02216},
	year      = {2017},
	url       = {http://arxiv.org/abs/1706.02216},
	eprinttype = {arXiv},
	eprint    = {1706.02216},
	timestamp = {Mon, 13 Aug 2018 16:46:12 +0200},
	biburl    = {https://dblp.org/rec/journals/corr/HamiltonYL17.bib},
	bibsource = {dblp computer science bibliography, https://dblp.org}
}

@article{gcn,
	author    = {Thomas N. Kipf and
	Max Welling},
	title     = {Semi-Supervised Classification with Graph Convolutional Networks},
	journal   = {CoRR},
	volume    = {abs/1609.02907},
	year      = {2016},
	url       = {http://arxiv.org/abs/1609.02907},
	eprinttype = {arXiv},
	eprint    = {1609.02907},
	timestamp = {Mon, 13 Aug 2018 16:48:31 +0200},
	biburl    = {https://dblp.org/rec/journals/corr/KipfW16.bib},
	bibsource = {dblp computer science bibliography, https://dblp.org}
}

@article{node-classification-survey,
	author = {Xiao, Shunxin and Wang, Shiping and Dai, Yuanfei and Guo, Wenzhong},
	year = {2022},
	month = {01},
	pages = {},
	title = {Graph neural networks in node classification: survey and evaluation},
	volume = {33},
	journal = {Machine Vision and Applications},
	doi = {10.1007/s00138-021-01251-0}
}

@article{homophily,
	author = {Mcpherson, Miller and Smith-Lovin, Lynn and Cook, James},
	year = {2001},
	month = {01},
	pages = {415-},
	title = {Birds of a Feather: Homophily in Social Networks},
	volume = {27},
	journal = {Annual Review of Sociology},
	doi = {10.3410/f.725356294.793504070}
}
@article{structural-equivalence,
	author = {Donnat, Claire and Zitnik, Marinka and Hallac, David and Leskovec, Jure},
	year = {2017},
	month = {10},
	pages = {},
	title = {Spectral Graph Wavelets for Structural Role Similarity in Networks}
}

@article{link-prediction-content,
	author    = {Rex Ying and
	Ruining He and
	Kaifeng Chen and
	Pong Eksombatchai and
	William L. Hamilton and
	Jure Leskovec},
	title     = {Graph Convolutional Neural Networks for Web-Scale Recommender Systems},
	journal   = {CoRR},
	volume    = {abs/1806.01973},
	year      = {2018},
	url       = {http://arxiv.org/abs/1806.01973},
	eprinttype = {arXiv},
	eprint    = {1806.01973},
	timestamp = {Mon, 13 Aug 2018 16:46:26 +0200},
	biburl    = {https://dblp.org/rec/journals/corr/abs-1806-01973.bib},
	bibsource = {dblp computer science bibliography, https://dblp.org}
}

@unknown{link-prediction-side-effects,
	author = {Zitnik, Marinka and Agrawal, Monica and Leskovec, Jure},
	year = {2018},
	month = {05},
	pages = {},
	title = {Modeling Polypharmacy Side Effects with Graph Convolutional Networks},
	doi = {10.1101/258814}
}

@article{link-prediction-survey-heuristic,
	title={Link prediction in complex networks: A survey},
	volume={390},
	ISSN={0378-4371},
	url={http://dx.doi.org/10.1016/j.physa.2010.11.027},
	DOI={10.1016/j.physa.2010.11.027},
	number={6},
	journal={Physica A: Statistical Mechanics and its Applications},
	publisher={Elsevier BV},
	author={Lü, Linyuan and Zhou, Tao},
	year={2011},
	month={Mar},
	pages={1150–1170}
}

@misc{community-detection-genetic,
	title={Large-scale analysis of disease pathways in the human interactome}, 
	author={Monica Agrawal and Marinka Zitnik and Jure Leskovec},
	year={2017},
	eprint={1712.00843},
	archivePrefix={arXiv},
	primaryClass={q-bio.MN}
}

@inproceedings{community-detection-fraud,
	author = {Pandit, Shashank and Chau, Duen Horng and Wang, Samuel and Faloutsos, Christos},
	year = {2007},
	month = {01},
	pages = {},
	title = {Netprobe: A fast and scalable system for fraud detection in online auction networks},
	journal = {16th International World Wide Web Conference, WWW2007},
	doi = {10.1145/1242572.1242600}
}

@inbook{small-world-dynamics,
	author = {Watts, Duncan and J, Duncan and Strogatz, and H, Steven},
	year = {2006},
	month = {01},
	pages = {301-303},
	title = {Collective dynamics of 'small world' networks}
}

@inproceedings{random-walk-kernel,
	author = {Kashima, Hisashi and Tsuda, Koji and Inokuchi, Akihiro},
	year = {2003},
	month = {01},
	pages = {321-328},
	title = {Marginalized Kernels Between Labeled Graphs},
	volume = {1},
	journal = {Proceedings, Twentieth International Conference on Machine Learning}
}

@inproceedings{shortest-path-kernel,
	author={Borgwardt, K.M. and Kriegel, H.P.},
	booktitle={Fifth IEEE International Conference on Data Mining (ICDM'05)}, 
	title={Shortest-path kernels on graphs}, 
	year={2005},
	volume={},
	number={},
	pages={8 pp.-},
	doi={10.1109/ICDM.2005.132}}

@book{personalized-page-rank,
	title={Mining of Massive Datasets},
	author={Rajaraman, A. and Ullman, J.D.},
	isbn={9781139156165},
	url={https://books.google.co.in/books?id=CzhIswEACAAJ},
	year={2012},
	publisher={Cambridge University Press}
}

@article{node-emb-latent-space,
	author = {Hoff, Peter and Raftery, Adrian and Handcock, Mark},
	year = {2002},
	month = {02},
	pages = {1090-1098},
	title = {Latent Space Approaches to Social Network Analysis},
	volume = {97},
	journal = {Journal of the American Statistical Association},
	doi = {10.1198/016214502388618906}
}

@article{representation-learning-methods,
	author    = {William L. Hamilton and
	Rex Ying and
	Jure Leskovec},
	title     = {Representation Learning on Graphs: Methods and Applications},
	journal   = {CoRR},
	volume    = {abs/1709.05584},
	year      = {2017},
	url       = {http://arxiv.org/abs/1709.05584},
	eprinttype = {arXiv},
	eprint    = {1709.05584},
	timestamp = {Mon, 13 Aug 2018 16:48:34 +0200},
	biburl    = {https://dblp.org/rec/journals/corr/abs-1709-05584.bib},
	bibsource = {dblp computer science bibliography, https://dblp.org}
}

@inproceedings{laplacian-eigenmaps,
	title={Laplacian Eigenmaps and Spectral Techniques for Embedding and Clustering},
	author={Mikhail Belkin and Partha Niyogi},
	booktitle={NIPS},
	year={2001}
}
@inproceedings{graph-factorization,
	author = {Ahmed, Amr and Shervashidze, Nino and Narayanamurthy, Shravan and Josifovski, Vanja and Smola, Alexander},
	year = {2013},
	month = {05},
	pages = {37-48},
	title = {Distributed Large-scale Natural Graph Factorization},
	journal = {WWW 2013 - Proceedings of the 22nd International Conference on World Wide Web},
	doi = {10.1145/2488388.2488393}
}

@inproceedings{grarep,
	author = {Cao, Shaosheng and Lu, Wei and Xu, Qiongkai},
	title = {GraRep: Learning Graph Representations with Global Structural Information},
	year = {2015},
	isbn = {9781450337946},
	publisher = {Association for Computing Machinery},
	address = {New York, NY, USA},
	url = {https://doi.org/10.1145/2806416.2806512},
	doi = {10.1145/2806416.2806512},
	booktitle = {Proceedings of the 24th ACM International on Conference on Information and Knowledge Management},
	pages = {891–900},
	numpages = {10},
	keywords = {algorithms, experimentation},
	location = {Melbourne, Australia},
	series = {CIKM '15}
}

@inproceedings{hope,
	author = {Ou, Mingdong and Cui, Peng and Pei, Jian and Zhang, Ziwei and Zhu, Wenwu},
	title = {Asymmetric Transitivity Preserving Graph Embedding},
	year = {2016},
	isbn = {9781450342322},
	publisher = {Association for Computing Machinery},
	address = {New York, NY, USA},
	url = {https://doi.org/10.1145/2939672.2939751},
	doi = {10.1145/2939672.2939751},
	booktitle = {Proceedings of the 22nd ACM SIGKDD International Conference on Knowledge Discovery and Data Mining},
	pages = {1105–1114},
	numpages = {10},
	keywords = {asymmetric transitivity, graph embedding, high-order proximity, directed graph},
	location = {San Francisco, California, USA},
	series = {KDD '16}
}

@article{deepwalk,
	author    = {Bryan Perozzi and
	Rami Al{-}Rfou and
	Steven Skiena},
	title     = {DeepWalk: Online Learning of Social Representations},
	journal   = {CoRR},
	volume    = {abs/1403.6652},
	year      = {2014},
	url       = {http://arxiv.org/abs/1403.6652},
	eprinttype = {arXiv},
	eprint    = {1403.6652},
	timestamp = {Thu, 30 Apr 2020 11:17:18 +0200},
	biburl    = {https://dblp.org/rec/journals/corr/PerozziAS14.bib},
	bibsource = {dblp computer science bibliography, https://dblp.org}
}


@InProceedings{hierarchical-softmax,
	title = 	 {Hierarchical Probabilistic Neural Network Language Model},
	author =       {Morin, Frederic and Bengio, Yoshua},
	booktitle = 	 {Proceedings of the Tenth International Workshop on Artificial Intelligence and Statistics},
	pages = 	 {246--252},
	year = 	 {2005},
	editor = 	 {Cowell, Robert G. and Ghahramani, Zoubin},
	volume = 	 {R5},
	series = 	 {Proceedings of Machine Learning Research},
	month = 	 {06--08 Jan},
	publisher =    {PMLR},
	pdf = 	 {http://proceedings.mlr.press/r5/morin05a/morin05a.pdf},
	url = 	 {https://proceedings.mlr.press/r5/morin05a.html},
	note =         {Reissued by PMLR on 30 March 2021.}
}

@article{network-embedding-matrix,
	author    = {Jiezhong Qiu and
	Yuxiao Dong and
	Hao Ma and
	Jian Li and
	Kuansan Wang and
	Jie Tang},
	title     = {Network Embedding as Matrix Factorization: Unifying DeepWalk, LINE,
	PTE, and node2vec},
	journal   = {CoRR},
	volume    = {abs/1710.02971},
	year      = {2017},
	url       = {http://arxiv.org/abs/1710.02971},
	eprinttype = {arXiv},
	eprint    = {1710.02971},
	timestamp = {Tue, 12 May 2020 17:15:19 +0200},
	biburl    = {https://dblp.org/rec/journals/corr/abs-1710-02971.bib},
	bibsource = {dblp computer science bibliography, https://dblp.org}
}

@article{node2vec,
	author    = {Aditya Grover and
	Jure Leskovec},
	title     = {node2vec: Scalable Feature Learning for Networks},
	journal   = {CoRR},
	volume    = {abs/1607.00653},
	year      = {2016},
	url       = {http://arxiv.org/abs/1607.00653},
	eprinttype = {arXiv},
	eprint    = {1607.00653},
	timestamp = {Mon, 13 Aug 2018 16:48:14 +0200},
	biburl    = {https://dblp.org/rec/journals/corr/GroverL16.bib},
	bibsource = {dblp computer science bibliography, https://dblp.org}
}

@article{line,
	author    = {Jian Tang and
	Meng Qu and
	Mingzhe Wang and
	Ming Zhang and
	Jun Yan and
	Qiaozhu Mei},
	title     = {{LINE:} Large-scale Information Network Embedding},
	journal   = {CoRR},
	volume    = {abs/1503.03578},
	year      = {2015},
	url       = {http://arxiv.org/abs/1503.03578},
	eprinttype = {arXiv},
	eprint    = {1503.03578},
	timestamp = {Mon, 13 Aug 2018 16:46:31 +0200},
	biburl    = {https://dblp.org/rec/journals/corr/TangQWZYM15.bib},
	bibsource = {dblp computer science bibliography, https://dblp.org}
}